@manual{labdesc,
	author = {Humboldt Universität zu Berlin, AG Supramolekulare Systeme},
	title = {FPR - Organic Solar Cell},
	year = {2017}
}

@book{measurements,
	author = {Hughes, I. and Hase, T.},
	title = {Measurements and their Uncertainties: A Practical Guide to Modern Error Analysis},
	year = {2010},
	publisher = {Oxford University Press Inc.},
	isbn = {978-0-19-956632-7}
}


@manual{muellerskript,
	author = {Müller, U.},
	title = {Physikalisches Grundpraktikum: Einführung in die Messung, Auswertung und Darstellung experimenteller Ergebnisse in der Physik},
	year = {2007},
	url = {https://gpr.physik.hu-berlin.de/Skripten/Einfuehrung/PDF-Datei/Einfuehrung.pdf}
}

@article{source1,
	author = {Deibel, C. and Dyakonov, V.},
	title = {Sonnenstrom aus Plastik},
	subtitle = {Vielversprechende Solarzellen aus Molekülen oder Polymeren},
	journaltitle = {Physik Journal},
	year = {2008},
	pages = {51-54}
}

@article{source2,
	author = {Brütting, W. and Rieß, W.},
	title = {Grundlagen der organischen Halbleiter},
	subtitle = {Polymere und molekulare Materialien haben vielversprechende physikalische Eigenschaften},
	journaltitle = {Physik Journal},
	year = {2008},
	pages = {33-38}	
}

@article{source3,
	author = {Dennler, G. and Scharber, M. C. and Brabec, C. J.},
	title = {Polymer-Fullerene Bulk-Heterojunction Solar Cells},
	journaltitle = {Advanced Materials},
	year = {2009},
	doi = {https://doi.org/10.1002/adma.200801283}
}

@article{source4,
	title = {On the use of Ga–In eutectic and halogen light source for testing P3HT–PCBM organic solar cells},
	journal = {Solar Energy Materials and Solar Cells},
	year = {2006},
	doi = {https://doi.org/10.1016/j.solmat.2005.11.003},
	author = {Aurelien Du Pasquier and Steve Miller and Manish Chhowalla}
}

@inbook{source5,
	author = {Dyer-Smith, C. and Nelson J.},
	title = {Organic Solar Cells},
	booktitle = {Solar Cells},
	booksubtitle = {Materials, Manufacture and Operation},
	bookauthor = {McEvoy, A. and Markvart, T. and Castañer, L.},
	chapter = {IE-2},
	pages = {543-569},
	year = {2012}
}
